@article{CLSI,
abstract = {The National Aeronautics and Space Administration (NASA) Human Exploration and Operations Mission Directorate (HEOMD) anticipates making launch opportunities available for a limited number of CubeSats to a variety of U.S. CubeSat developers. The CubeSat Launch Initiative (CSLI) will provide or facilitate flight opportunities to low-Earth orbit (LEO) as auxiliary payloads on launches, as well as deployments from the International Space Station (ISS), currently planned for 2023-2026. NASA's},
author = {NASA},
file = {:Users/eyob/Downloads/CSLI_Announcement_of_Opportunity+2021-FINAL.pdf:pdf},
journal = {Space Operations},
keywords = {NASA},
mendeley-tags = {NASA},
pages = {1--13},
title = {{NASA Cubesat Launch Initiative CLI}},
url = {https://www.nasa.gov/directorates/somd/home/CubeSats_initiative.html},
year = {2013}
}

@patent{NASA2022,
   author = {NASA and NACA},
   institution = {National Aeronautics and Space Administration},
   publisher = {National Aeronautics and Space Administration},
   title = {Airfoil Tools},
   url = {http://www.airfoiltools.com/},
   year = {2022},
}
